<?xml version="1.0" encoding="UTF-8"?><collection xmlns="http://www.loc.gov/MARC21/slim"><record><leader>00401nam--2200133-i-4500</leader><controlfield tag="001">000029742</controlfield><controlfield tag="002">20161230</controlfield><controlfield tag="005">20161230201037</controlfield><controlfield tag="008">060222s1000------------r-----000-0-eng-d</controlfield><datafield ind1=" " ind2=" " tag="080"><subfield code="a">621.375.826(043)</subfield></datafield><datafield ind1=" " ind2=" " tag="100"><subfield code="a">Kupersztych, Joseph</subfield></datafield><datafield ind1=" " ind2=" " tag="245"><subfield code="a">Etude d`effets non-lineaires et simule dans l`interaction laser-electrons libre.these</subfield></datafield><datafield ind1=" " ind2=" " tag="260"><subfield code="a">Paris, Universite De Paris-sud, 1977. 196p</subfield></datafield><datafield ind1=" " ind2=" " tag="852"><subfield code="a">46468</subfield></datafield></record></collection>